<record><leader>00000cas a2200000 a 4500</leader><controlfield tag="001">28365215</controlfield><controlfield tag="008">930701c19729999iludn ne      0   a0eng c</controlfield><datafield ind1=" " ind2=" " tag="010"><subfield code="a">sn 93055726 </subfield></datafield><datafield ind1=" " ind2=" " tag="040"><subfield code="a">NVF</subfield><subfield code="b">eng</subfield><subfield code="c">NVF</subfield><subfield code="d">OCLCQ</subfield><subfield code="d">NVF</subfield><subfield code="d">OCLCQ</subfield><subfield code="d">OCLCF</subfield><subfield code="d">NVF</subfield><subfield code="d">DLC</subfield><subfield code="d">OCLCO</subfield></datafield><datafield ind1=" " ind2=" " tag="042"><subfield code="a">pcc</subfield></datafield><datafield ind1=" " ind2=" " tag="043"><subfield code="a">n-us-il</subfield></datafield><datafield ind1="0" ind2=" " tag="130"><subfield code="a">Daily ledger (Canton, Ill.)</subfield></datafield><datafield ind1="1" ind2="0" tag="245"><subfield code="a">Daily ledger.</subfield></datafield><datafield ind1="1" ind2="7" tag="246"><subfield code="a">Canton daily ledger</subfield></datafield><datafield ind1=" " ind2=" " tag="260"><subfield code="a">Canton, Ill. :</subfield><subfield code="b">R.G. Fordyce,</subfield><subfield code="c">1972-</subfield></datafield><datafield ind1=" " ind2=" " tag="300"><subfield code="a">v.</subfield></datafield><datafield ind1=" " ind2=" " tag="310"><subfield code="a">Daily (except Sunday)</subfield></datafield><datafield ind1="0" ind2=" " tag="362"><subfield code="a">60th year, no. 210 (June 5, 1972)-</subfield></datafield><datafield ind1=" " ind2=" " tag="515"><subfield code="a">Continues the numbering of Canton daily ledger (Canton, Ill. : 1961).</subfield></datafield><datafield ind1=" " ind2="0" tag="651"><subfield code="a">Canton (Ill.)</subfield><subfield code="v">Newspapers.</subfield></datafield><datafield ind1=" " ind2="7" tag="651"><subfield code="a">Illinois</subfield><subfield code="z">Canton.</subfield><subfield code="2">fast</subfield><subfield code="0">(OCoLC)fst01232869</subfield></datafield><datafield ind1=" " ind2="7" tag="655"><subfield code="a">Newspapers.</subfield><subfield code="2">fast</subfield><subfield code="0">(OCoLC)fst01423814</subfield></datafield><datafield ind1=" " ind2=" " tag="752"><subfield code="a">United States</subfield><subfield code="b">Illinois</subfield><subfield code="c">Fulton</subfield><subfield code="d">Canton.</subfield></datafield><datafield ind1="0" ind2="0" tag="780"><subfield code="t">Canton daily ledger (Canton, Ill. : 1961)</subfield><subfield code="w">(DLC)sn 93055725</subfield><subfield code="w">(OCoLC)28365170</subfield></datafield></record>